<HEAD>
<TITLE>Query Results</TITLE>
</HEAD>
<BODY>
<H1>Query Results</H1>
The following 8 items  having a title containing 'block world' published later than 1980 have been found in the database.<P>
<OL>
<LI>Chenoweth S.V.:
On the NP-Hardness of Blocks World,
in <EM>Proceedings of the Ninth National Conference on Artificial Intelligence</EM>, AAAI Press/MIT Press, Menlo Park, Vol. II, pp.623-628, 1991.
<LI>Cliff D.:
AI and A-Life: Never Mind The Blocksworld,
in Cohn A.G.(ed.), <EM>Proceedings of the 11th European Conference on Artificial Intelligence (ECAI94)</EM>, Wiley, Chichester, UK, pp.799-804, 1994.
<LI>Emde W.:
Big Flood in the Blocks World or Non-cumulative Learning,
<EM>FB Informatik, TU Berlin</EM>, Inst. f. Angew. Inform., Projektgruppe KIT, 1986.
<LI>Emde W.:
Big Flood in the Blocks World or: Non-cumulative Learning,
in <EM>Proceedings of the 7th European Conference on Artificial Intelligence (ECAI-86), Vol.1</EM>, Brighton, UK, 1986.
<LI>Gupta N., Nau D.S.:
Complexity Results for Blocks-World Planning,
in <EM>Proceedings of the Ninth National Conference on Artificial Intelligence</EM>, AAAI Press/MIT Press, Menlo Park, Vol. II, pp.629-633, 1991.
<LI>Gupta N., Nau D.S.:
On the Complexity of Blocks-World Planning,
<EM>Artificial Intelligence</EM>, 56(2-3), 1992.
<LI>Schupeta A.:
Organizing Communication and Intospection in a Multi-Agent Blocksworld Scenario,
DFKI, Saarbruecken, FRG, TM-92-02, 1992.
<LI>Winston P.H., Prendergast K.A.:
From the Blocks World to the Business World,
in Winston P.H. and Prendergast K.A.(eds.), <EM>The AI Business</EM>, MIT Press, Cambridge, MA, 1984.

</OL>
