@InProceedings{waldinger86,
  key =          "manna86",
  author =       "R. {MANNA, Z. AND WALDINGER}",
  title =        "Unsolved problems in the blocks world",
  booktitle =    "Proceedings Workshop on Planning and Reasoning about
                 Action",
  year =         "1986",
  organization = "AAAI",
}

