@techreport{
  winograd-phd,
  author = "Terry Winograd",
  title = "Procedures as a Representation for Data in a Computer Program
	  for Understanding Natural Language",
  institution = "MIT Project MAC",
  number = 84,
  note = "Ph.D. Dissertation",
  year = 1971,
}

@techreport{
  blum-furst,
  author = "Avrim L. Blum and Merrick L. Furst",
  title = "Fast Planning Through Planning Graph Analysis",
  institution = "Carnegie Mellon University",
  number = "CMU-CS-95-221",
  year = 1995,
}
  
@book{
  winograd-book,
  author = "Terry Winograd",
  title = "Understanding Natural Language",
  publisher = "Academic Press",
  address = "New York, NY",
  year = 1972,
}

@inbook{
  ginsberg-astar,
  crossref = "ginsberg-book",
  pages = "75--82"
}

@inbook{
  tarjan-sabst,
  crossref = "tarjan-book",
  pages = "53--57"
}

@inbook{
  cormen-heaps,
  crossref = "cormen-book",
  pages = "400--439"
}
  
inproceedings{
  gupta-nau,
  crossref = "aaai91",
  author = "Naresh Gupta and Dana Nau",
  title	= "Complexity Results for Blocks-World Planning",
  volume = 2,
  pages	= "629--633"
}

@inproceedings{
  tableaux,
  crossref = "aaai93",
  author = "James M. Crawford and Larry D. Auton",
  title = "Experimental Results on the Crossover Point in Satisfiability 
	   Problems",
  pages = "21-27",
}

@inproceedings{
  GSAT,
  crossref = "aaai92",
  author = "Bart Selman and Hector Levesque and David Mitchell",
  title = "A New Method for Solving Hard Satisfiability Problems",
  pages = "440-446",
}

@book{
  ginsberg-book,
  author = "Matt Ginsberg",
  title = "Essentials Of Artificial Intelligence",
  publisher = "Morgan Kaufman",
  address = "San Mateo, CA",
  year = 1993,
}

@book{
  tarjan-book,
  author = "Robert Endre Tarjan",
  title = "Data Structures and Network Algorithms",
  publisher = "Society for Industrial and Applied Mathematics",
  address = "Philadelphia, PA",
  year = 1983,
}

@book{
  cormen-book,
  author = "Thomas Cormen and Charles Leiserson and Ronald Rivest",
  title = "Introduction To Algorithms",
  publisher = "MIT Press and McGraw Hill",
  year = 1990,
}
  
